<?xml version="1.0" encoding="UTF-8"?><collection xmlns="http://www.loc.gov/MARC21/slim"><record><leader>00372nam--2200133-i-4500</leader><controlfield tag="001">000025700</controlfield><controlfield tag="002">20161230</controlfield><controlfield tag="005">20161230201036</controlfield><controlfield tag="008">060222s1000------------r-----000-0-eng-d</controlfield><datafield ind1=" " ind2=" " tag="100"><subfield code="a">Joast, Raymond</subfield></datafield><datafield ind1=" " ind2=" " tag="245"><subfield code="a">Dielectriques solides. preface de a.cotton</subfield></datafield><datafield ind1=" " ind2=" " tag="260"><subfield code="a">Paris, Editions De La Revue D`Optique, 1949, 84p</subfield></datafield><datafield ind1=" " ind2=" " tag="490"><subfield code="a">Collection Tehnique De C.N.E.T</subfield></datafield><datafield ind1=" " ind2=" " tag="852"><subfield code="a">1325</subfield></datafield></record></collection>